<record><leader>00000cas a22000007a 4500</leader><controlfield tag="001">11459803</controlfield><controlfield tag="008">841206d18731878njuwr ne      0    0eng d</controlfield><datafield ind1=" " ind2=" " tag="010"><subfield code="a">sn 84038708 </subfield></datafield><datafield ind1=" " ind2=" " tag="040"><subfield code="a">NPX</subfield><subfield code="b">eng</subfield><subfield code="c">NPX</subfield><subfield code="d">NPA</subfield><subfield code="d">DLC</subfield><subfield code="d">NJW</subfield><subfield code="d">OCLCQ</subfield></datafield><datafield ind1=" " ind2=" " tag="042"><subfield code="a">msc</subfield></datafield><datafield ind1="0" ind2="0" tag="245"><subfield code="a">New Jersey Republican and Bergen County watchman.</subfield></datafield><datafield ind1="3" ind2="0" tag="246"><subfield code="a">Bergen County watchman</subfield></datafield><datafield ind1=" " ind2=" " tag="260"><subfield code="a">Hackensack, N.J. :</subfield><subfield code="b">Bergen County Printing Association</subfield></datafield><datafield ind1=" " ind2=" " tag="310"><subfield code="a">Weekly</subfield></datafield><datafield ind1="1" ind2=" " tag="362"><subfield code="a">Began in 1873; ceased in Mar. 1878.</subfield></datafield><datafield ind1=" " ind2=" " tag="500"><subfield code="a">Published simultaneously at Englewood, N.J.</subfield></datafield><datafield ind1=" " ind2=" " tag="500"><subfield code="a">"Republican."</subfield></datafield><datafield ind1=" " ind2=" " tag="588"><subfield code="a">Description based on: Vol. 3, no. 29 (Apr. 3, 1873).</subfield></datafield><datafield ind1=" " ind2=" " tag="752"><subfield code="a">United States</subfield><subfield code="b">New Jersey</subfield><subfield code="c">Bergen</subfield><subfield code="d">Hackensack.</subfield></datafield><datafield ind1=" " ind2=" " tag="752"><subfield code="a">United States</subfield><subfield code="b">New Jersey</subfield><subfield code="c">Bergen</subfield><subfield code="d">Englewood.</subfield></datafield><datafield ind1="0" ind2="0" tag="780"><subfield code="t">Bergen County watchman</subfield><subfield code="w">(DLC)sn 83032333</subfield><subfield code="w">(OCoLC)10255896</subfield></datafield><datafield ind1="0" ind2="0" tag="785"><subfield code="t">New Jersey Republican (Hackensack, N.J.)</subfield><subfield code="w">(DLC)sn 86077256</subfield><subfield code="w">(OCoLC)14289058</subfield></datafield></record>